@article{bouvrie2006notes,
  title={Notes on convolutional neural networks},
  author={Bouvrie, Jake},
  year={2006}
}

@inproceedings{szegedy2015going,
  title={Going deeper with convolutions},
  author={Szegedy, Christian and Liu, Wei and Jia, Yangqing and Sermanet, Pierre and Reed, Scott and Anguelov, Dragomir and Erhan, Dumitru and Vanhoucke, Vincent and Rabinovich, Andrew},
  booktitle={Proceedings of the IEEE conference on computer vision and pattern recognition},
  pages={1--9},
  year={2015}
}

@article{simonyan2014very,
  title={Very deep convolutional networks for large-scale image recognition},
  author={Simonyan, Karen and Zisserman, Andrew},
  journal={arXiv preprint arXiv:1409.1556},
  year={2014}
}

@inproceedings{he2016deep,
  title={Deep residual learning for image recognition},
  author={He, Kaiming and Zhang, Xiangyu and Ren, Shaoqing and Sun, Jian},
  booktitle={Proceedings of the IEEE conference on computer vision and pattern recognition},
  pages={770--778},
  year={2016}
}

@article{fukushima1980neocognitron,
  title={Neocognitron: A self-organizing neural network model for a mechanism of pattern recognition unaffected by shift in position},
  author={Fukushima, Kunihiko},
  journal={Biological cybernetics},
  volume={36},
  number={4},
  pages={193--202},
  year={1980},
  publisher={Springer}
}

@article{lecun1989backpropagation,
  title={Backpropagation applied to handwritten zip code recognition},
  author={LeCun, Yann and Boser, Bernhard and Denker, John S and Henderson, Donnie and Howard, Richard E and Hubbard, Wayne and Jackel, Lawrence D},
  journal={Neural computation},
  volume={1},
  number={4},
  pages={541--551},
  year={1989},
  publisher={MIT Press}
}

@article{lecun1998gradient,
  title={Gradient-based learning applied to document recognition},
  author={LeCun, Yann and Bottou, L{\'e}on and Bengio, Yoshua and Haffner, Patrick},
  journal={Proceedings of the IEEE},
  volume={86},
  number={11},
  pages={2278--2324},
  year={1998},
  publisher={Ieee}
}

@inproceedings{girshick2015fast,
  title={Fast r-cnn},
  author={Girshick, Ross},
  booktitle={Proceedings of the IEEE international conference on computer vision},
  pages={1440--1448},
  year={2015}
}

@article{he2015spatial,
  title={Spatial pyramid pooling in deep convolutional networks for visual recognition},
  author={He, Kaiming and Zhang, Xiangyu and Ren, Shaoqing and Sun, Jian},
  journal={IEEE transactions on pattern analysis and machine intelligence},
  volume={37},
  number={9},
  pages={1904--1916},
  year={2015},
  publisher={IEEE}
}

@article{silver2016mastering,
  title={Mastering the game of Go with deep neural networks and tree search},
  author={Silver, David and Huang, Aja and Maddison, Chris J and Guez, Arthur and Sifre, Laurent and Van Den Driessche, George and Schrittwieser, Julian and Antonoglou, Ioannis and Panneershelvam, Veda and Lanctot, Marc and others},
  journal={nature},
  volume={529},
  number={7587},
  pages={484},
  year={2016},
  publisher={Nature Publishing Group}
}

@book{amari2003handbook,
  title={The handbook of brain theory and neural networks},
  author={Amari, Shun ºichi and others},
  year={2003},
  publisher={MIT press}
}

@inproceedings{krizhevsky2012imagenet,
  title={Imagenet classification with deep convolutional neural networks},
  author={Krizhevsky, Alex and Sutskever, Ilya and Hinton, Geoffrey E},
  booktitle={Advances in neural information processing systems},
  pages={1097--1105},
  year={2012}
}

@article{lawrence1997face,
  title={Face recognition: A convolutional neural-network approach},
  author={Lawrence, Steve and Giles, C Lee and Tsoi, Ah Chung and Back, Andrew D},
  journal={IEEE transactions on neural networks},
  volume={8},
  number={1},
  pages={98--113},
  year={1997},
  publisher={IEEE}
}

@article{parkhi2015deep,
  title={Deep face recognition},
  author={Parkhi, Omkar M and Vedaldi, Andrea and Zisserman, Andrew},
  year={2015},
  publisher={British Machine Vision Association}
}

@inproceedings{molchanov2015hand,
  title={Hand gesture recognition with 3D convolutional neural networks},
  author={Molchanov, Pavlo and Gupta, Shalini and Kim, Kihwan and Kautz, Jan},
  booktitle={Proceedings of the IEEE conference on computer vision and pattern recognition workshops},
  pages={1--7},
  year={2015}
}

@inproceedings{oh2015action,
  title={Action-conditional video prediction using deep networks in atari games},
  author={Oh, Junhyuk and Guo, Xiaoxiao and Lee, Honglak and Lewis, Richard L and Singh, Satinder},
  booktitle={Advances in neural information processing systems},
  pages={2863--2871},
  year={2015}
}

@inproceedings{abdel2012applying,
  title={Applying convolutional neural networks concepts to hybrid NN-HMM model for speech recognition},
  author={Abdel-Hamid, Ossama and Mohamed, Abdel-rahman and Jiang, Hui and Penn, Gerald},
  booktitle={2012 IEEE international conference on Acoustics, speech and signal processing (ICASSP)},
  pages={4277--4280},
  year={2012},
  organization={IEEE}
}

@inproceedings{deng2013new,
  title={New types of deep neural network learning for speech recognition and related applications: An overview},
  author={Deng, Li and Hinton, Geoffrey and Kingsbury, Brian},
  booktitle={2013 IEEE International Conference on Acoustics, Speech and Signal Processing},
  pages={8599--8603},
  year={2013},
  organization={IEEE}
}

@article{abdel2014convolutional,
  title={Convolutional neural networks for speech recognition},
  author={Abdel-Hamid, Ossama and Mohamed, Abdel-rahman and Jiang, Hui and Deng, Li and Penn, Gerald and Yu, Dong},
  journal={IEEE/ACM Transactions on audio, speech, and language processing},
  volume={22},
  number={10},
  pages={1533--1545},
  year={2014},
  publisher={IEEE}
}

@inproceedings{hu2014convolutional,
  title={Convolutional neural network architectures for matching natural language sentences},
  author={Hu, Baotian and Lu, Zhengdong and Li, Hang and Chen, Qingcai},
  booktitle={Advances in neural information processing systems},
  pages={2042--2050},
  year={2014}
}

@article{kalchbrenner2014convolutional,
  title={A convolutional neural network for modelling sentences},
  author={Kalchbrenner, Nal and Grefenstette, Edward and Blunsom, Phil},
  journal={arXiv preprint arXiv:1404.2188},
  year={2014}
}

@article{du2018gradient,
  title={Gradient descent provably optimizes over-parameterized neural networks},
  author={Du, Simon S and Zhai, Xiyu and Poczos, Barnabas and Singh, Aarti},
  journal={arXiv preprint arXiv:1810.02054},
  year={2018}
}

@inproceedings{allen2019learning,
  title={Learning and generalization in overparameterized neural networks, going beyond two layers},
  author={Allen-Zhu, Zeyuan and Li, Yuanzhi and Liang, Yingyu},
  booktitle={Advances in neural information processing systems},
  pages={6155--6166},
  year={2019}
}

@inproceedings{li2018learning,
  title={Learning overparameterized neural networks via stochastic gradient descent on structured data},
  author={Li, Yuanzhi and Liang, Yingyu},
  booktitle={Advances in Neural Information Processing Systems},
  pages={8157--8166},
  year={2018}
}

@article{allen2018convergence,
  title={A convergence theory for deep learning via over-parameterization},
  author={Allen-Zhu, Zeyuan and Li, Yuanzhi and Song, Zhao},
  journal={arXiv preprint arXiv:1811.03962},
  year={2018}
}

@article{brutzkus2017sgd,
  title={Sgd learns over-parameterized networks that provably generalize on linearly separable data},
  author={Brutzkus, Alon and Globerson, Amir and Malach, Eran and Shalev-Shwartz, Shai},
  journal={arXiv preprint arXiv:1710.10174},
  year={2017}
}

@article{arora2019fine,
  title={Fine-grained analysis of optimization and generalization for overparameterized two-layer neural networks},
  author={Arora, Sanjeev and Du, Simon S and Hu, Wei and Li, Zhiyuan and Wang, Ruosong},
  journal={arXiv preprint arXiv:1901.08584},
  year={2019}
}

@inproceedings{du2018many,
  title={How many samples are needed to estimate a convolutional neural network?},
  author={Du, Simon S and Wang, Yining and Zhai, Xiyu and Balakrishnan, Sivaraman and Salakhutdinov, Russ R and Singh, Aarti},
  booktitle={Advances in Neural Information Processing Systems},
  pages={373--383},
  year={2018}
}

@book{tsybakov2008introduction,
  title={Introduction to nonparametric estimation},
  author={Tsybakov, Alexandre B},
  year={2008},
  publisher={Springer Science \& Business Media}
}

@article{zhou2018understanding,
  title={Understanding generalization and optimization performance of deep CNNs},
  author={Zhou, Pan and Feng, Jiashi},
  journal={arXiv preprint arXiv:1805.10767},
  year={2018}
}

@article{sedghi2018singular,
  title={The singular values of convolutional layers},
  author={Sedghi, Hanie and Gupta, Vineet and Long, Philip M},
  journal={arXiv preprint arXiv:1805.10408},
  year={2018}
}

@inproceedings{brutzkus2017globally,
  title={Globally optimal gradient descent for a convnet with gaussian inputs},
  author={Brutzkus, Alon and Globerson, Amir},
  booktitle={Proceedings of the 34th International Conference on Machine Learning-Volume 70},
  pages={605--614},
  year={2017},
  organization={JMLR. org}
}

@article{du2018gradient2,
  title={Gradient descent finds global minima of deep neural networks},
  author={Du, Simon S and Lee, Jason D and Li, Haochuan and Wang, Liwei and Zhai, Xiyu},
  journal={arXiv preprint arXiv:1811.03804},
  year={2018}
}

@inproceedings{cao2019generalization,
  title={Generalization bounds of stochastic gradient descent for wide and deep neural networks},
  author={Cao, Yuan and Gu, Quanquan},
  booktitle={Advances in Neural Information Processing Systems},
  pages={10835--10845},
  year={2019}
}

@article{ge2017learning,
  title={Learning one-hidden-layer neural networks with landscape design},
  author={Ge, Rong and Lee, Jason D and Ma, Tengyu},
  journal={arXiv preprint arXiv:1711.00501},
  year={2017}
}

@inproceedings{kawaguchi2016deep,
  title={Deep learning without poor local minima},
  author={Kawaguchi, Kenji},
  booktitle={Advances in neural information processing systems},
  pages={586--594},
  year={2016}
}

@article{neyshabur2017pac,
  title={A pac-bayesian approach to spectrally-normalized margin bounds for neural networks},
  author={Neyshabur, Behnam and Bhojanapalli, Srinadh and Srebro, Nathan},
  journal={arXiv preprint arXiv:1707.09564},
  year={2017}
}

@article{pitas2019better,
  title={Better PAC-Bayes Bounds for Deep Neural Networks using the Loss Curvature},
  author={Pitas, Konstantinos},
  journal={arXiv preprint arXiv:1909.03009},
  year={2019}
}

@article{arora2018stronger,
  title={Stronger generalization bounds for deep nets via a compression approach},
  author={Arora, Sanjeev and Ge, Rong and Neyshabur, Behnam and Zhang, Yi},
  journal={arXiv preprint arXiv:1802.05296},
  year={2018}
}

@article{zhang2016understanding,
  title={Understanding deep learning requires rethinking generalization},
  author={Zhang, Chiyuan and Bengio, Samy and Hardt, Moritz and Recht, Benjamin and Vinyals, Oriol},
  journal={arXiv preprint arXiv:1611.03530},
  year={2016}
}

@article{zou2018stochastic,
  title={Stochastic gradient descent optimizes over-parameterized deep relu networks},
  author={Zou, Difan and Cao, Yuan and Zhou, Dongruo and Gu, Quanquan},
  journal={arXiv preprint arXiv:1811.08888},
  year={2018}
}

@article{long2019size,
  title={Size-free generalization bounds for convolutional neural networks},
  author={Long, Philip M and Sedghi, Hanie},
  journal={arXiv preprint arXiv:1905.12600},
  year={2019}
}